@article{Mcmillan2015,
   author = {H. K. Mcmillan and I. K. Westerberg},
   doi = {10.1002/hyp.10419},
   issn = {10991085},
   issue = {7},
   journal = {Hydrological Processes},
   keywords = {Aleatory,Discharge,Epistemic,Likelihood,Rating curve,Uncertainty},
   month = {3},
   pages = {1873-1882},
   publisher = {John Wiley and Sons Ltd},
   title = {Rating curve estimation under epistemic uncertainty},
   volume = {29},
   year = {2015},
}

@article{massey1951,
  title={The Kolmogorov-Smirnov test for goodness of fit},
  author={Massey Jr, Frank J},
  journal={Journal of the American statistical Association},
  volume={46},
  number={253},
  pages={68--78},
  year={1951},
  publisher={Taylor \& Francis}
}
@article{altmann2010,
  title = {Permutation importance: a corrected feature importance measure},
  author = {Altmann, A. and Toloși, L. and Sander, O. and Lengauer, T.},
  journal = {Bioinformatics},
  volume = {26},
  number = {10},
  pages = {1340--1347},
  year = {2010},
  doi = {10.1093/bioinformatics/btq134}
}

@misc{ana2017,
  author = {ANA},
  title = {Base Hidrográfica Ottocodificada Multiescalas 2017 5k (BHO 2017 5k)},
  howpublished = {Catálogo de Metadados da ANA},
  year = {2017},
  url = {https://metadados.snirh.gov.br/geonetwork/srv/api/records/f7b1fc91-f5bc-4d0d-9f4f-f4e5061e5d8f}
}

@misc{ana2021,
  author = {ANA},
  title = {Conjuntura dos Recursos Hídricos no Brasil},
  url = {https://relatorio-conjuntura-ana-2021.webflow.io/},
  year = {2021}
}

@article{barber2021,
author = {Rina Foygel Barber and Emmanuel J. Cand{\`e}s and Aaditya Ramdas and Ryan J. Tibshirani},
title = {{Predictive inference with the jackknife+}},
volume = {49},
journal = {The Annals of Statistics},
number = {1},
publisher = {Institute of Mathematical Statistics},
pages = {486 -- 507},
keywords = {conformal inference, cross-validation, distribution-free, jackknife, leave-one-out, stability},
year = {2021},
doi = {10.1214/20-AOS1965},
URL = {https://doi.org/10.1214/20-AOS1965}
}

@article{barbedo2022tps,
  title = {Topographic Position-based Stream definition (TPS): A simple method to address spatial variability of drainage density in stream networks},
  author = {Barbedo, R. and Siqueira, V. and Collischonn, W.},
  journal = {Hydrological Sciences Journal},
  pages = {1--12},
  year = {2022},
  doi = {10.1080/02626667.2022.2047190}
}

@article{barbedo2022ws,
  title = {Water storage variability across Brazil},
  author = {Barbedo, R. and Fleischmann, A. S. and Siqueira, V. and Brêda, J. P. and Matte, G. and Laipelt, L. and Amorim, A.},
  journal = {RBRH},
  volume = {27},
  year = {2022},
  doi = {10.1590/2318-0331.272220220077}
}

@article{bergstra2012,
  title = {Random search for hyper-parameter optimization},
  author = {Bergstra, J. and Bengio, Y.},
  journal = {J. Mach. Learn. Res.},
  volume = {13},
  number = {null},
  pages = {281--305},
  year = {2012}
}

@book{bloschl2013,
  title = {Runoff Prediction in Ungauged Basins: Synthesis Across Processes, Places and Scales},
  author = {Blöschl, G. and Bloschl, G. and Sivapalan, M. and Wagener, T. and Savenije, H. and Viglione, A.},
  publisher = {Cambridge University Press},
  year = {2013}
}

@techreport{collischonn2021,
  title = {Cooperação em tecnologias para análises hidrológicas em escala nacional: sub-projeto - regionalização de vazões via modelagem hidrológica: relatório técnico: o efeito da variabilidade amostral sobre a estimativa de vazões de referência},
  author = {Collischonn, W. and Sorribas, M. V. and Paiva, R. C. D. de},
  institution = {UFRGS/IPH},
  year = {2021},
  url = {https://lume.ufrgs.br/handle/10183/253790}
}

@article{ferreira2021,
  title = {Machine learning models for streamflow regionalization in a tropical watershed},
  author = {Ferreira, R. G. and Silva, D. D. da and Elesbon, A. A. A. and Fernandes-Filho, E. I. and Veloso, G. V. and Fraga, M. de S. and Ferreira, L. B.},
  journal = {Journal of Environmental Management},
  volume = {280},
  year = {2021},
  doi = {10.1016/j.jenvman.2020.111713}
}

@article{friedl201,
  title = {MCD12Q1 MODIS/Terra+Aqua Land Cover Type Yearly L3 Global 500m SIN Grid V006},
  author = {Friedl, Mark and Sulla-Menashe, Damien},
  journal = {NASA EOSDIS Land Processes DAAC},
  doi = {10.5067/MODIS/MCD12Q1.006}
}

@article{gao2014,
  title = {Testing the realism of a topography-driven model (FLEX-Topo) in the nested catchments of the Upper Heihe, China},
  author = {Gao, H. and Hrachowitz, M. and Fenicia, F. and Gharari, S. and Savenije, H. H. G.},
  journal = {Hydrology and Earth System Sciences},
  volume = {18},
  number = {5},
  pages = {1895--1915},
  year = {2014},
  doi = {10.5194/hess-18-1895-2014}
}

@article{gharari2011,
  title = {Hydrological landscape classification: investigating the performance of HAND based landscape classifications in a central European meso-scale catchment},
  author = {Gharari, S. and Hrachowitz, M. and Fenicia, F. and Savenije, H. H. G.},
  journal = {Hydrology and Earth System Sciences},
  volume = {15},
  number = {11},
  pages = {3275--3291},
  year = {2011},
  doi = {https://doi.org/10.5194/hess-15-3275-2011}
}

@article{golian2021,
  title = {Regionalization of hydrological models for flow estimation in ungauged catchments in Ireland},
  author = {Golian, S. and Murphy, C. and Meresa, H.},
  journal = {Journal of Hydrology: Regional Studies},
  volume = {36},
  year = {2021},
  doi = {10.1016/j.ejrh.2021.100859}
}

@article{hartmann2012,
  title = {The new global lithological map database GLiM: A representation of rock properties at the Earth surface},
  author = {Hartmann, J. and Moosdorf, N.},
  journal = {Geochemistry, Geophysics, Geosystems},
  volume = {13},
  number = {12},
  year = {2012},
  doi = {10.1029/2012GC004370}
}

@article{hengl2017,
  title = {SoilGrids250m: Global gridded soil information based on machine learning},
  author = {Hengl, T. and Jesus, J. M. de and Heuvelink, G. B. M. and Gonzalez, M. R. and Kilibarda, M. and Blagotić, A. and Shangguan, W.},
  journal = {PLOS ONE},
  volume = {12},
  number = {2},
  year = {2017},
  doi = {10.1371/journal.pone.0169748}
}

@article{hrachowitz2013,
  title = {A decade of Predictions in Ungauged Basins (PUB)—a review},
  author = {Hrachowitz, M. and Savenije, H. H. G. and Blöschl, G. and McDonnell, J. J. and Sivapalan, M. and Pomeroy, J. W. and Arheimer, B.},
  journal = {Hydrological Sciences Journal},
  volume = {58},
  number = {6},
  pages = {1198--1255},
  year = {2013},
  doi = {10.1080/02626667.2013.803183}
}

@article{huffman2020,
  title = {GPM IMERG Final Precipitation L3 1 month 0.1 degree x 0.1 degree V06},
  author = {Huffman, G. J. and Bolvin, D. T. and Braithwaite, D. and Hsu, K. and Joyce, R. and Kidd, C. and Nelkin, E. J.},
  year = {2020, January 3}
}

@article{huffman2007,
  title = {The TRMM Multisatellite Precipitation Analysis (TMPA): Quasi-Global, Multiyear, Combined-Sensor Precipitation Estimates at Fine Scales},
  author = {Huffman, G. J. and Bolvin, D. T. and Nelkin, E. J. and Wolff, D. B. and Adler, R. F. and Gu, G. and Hong, Y.},
  journal = {Journal of Hydrometeorology},
  volume = {8},
  number = {1},
  pages = {38--55},
  year = {2007},
  doi = {10.1175/JHM560.1}
}

@article{johnson1967,
  title = {Hierarchical clustering schemes},
  author = {Johnson, S. C.},
  journal = {Psychometrika},
  volume = {32},
  number = {3},
  pages = {241--254},
  year = {1967},
  doi = {10.1007/BF02289588}
}

@book{kuhn2013,
  title = {Applied Predictive Modeling},
  author = {Kuhn, M. and Johnson, K.},
  publisher = {Springer-Verlag},
  address = {New York},
  year = {2013},
  doi = {10.1007/978-1-4614-6849-3}
}

@article{laaha2006,
  title = {A comparison of low flow regionalisation methods—catchment grouping},
  author = {Laaha, G. and Blöschl, G.},
  journal = {Journal of Hydrology},
  volume = {323},
  number = {1},
  pages = {193--214},
  year = {2006},
  doi = {10.1016/j.jhydrol.2005.09.001}
}

@article{landerer2020,
  title = {Extending the Global Mass Change Data Record: GRACE Follow-On Instrument and Science Data Performance},
  author = {Landerer, F. W. and Flechtner, F. M. and Save, H. and Webb, F. H. and Bandikova, T. and Bertiger, W. I. and Bettadpur, S. V.},
  journal = {Geophysical Research Letters},
  volume = {47},
  number = {12},
  year = {2020},
  doi = {10.1029/2020GL088306}
}

@article{mu2007,
  title = {Development of a global evapotranspiration algorithm based on MODIS and global meteorology data},
  author = {Mu, Q. and Heinsch, F. A. and Zhao, M. and Running, S. W.},
  journal = {Remote Sensing of Environment},
  volume = {111},
  number = {4},
  pages = {519--536},
  year = {2007},
  doi = {10.1016/j.rse.2007.04.015}
}

@article{mu2011i,
  title = {Improvements to a MODIS global terrestrial evapotranspiration algorithm},
  author = {Mu, Q. and Zhao, M. and Running, S. W.},
  journal = {Remote Sensing of Environment},
  volume = {115},
  number = {8},
  pages = {1781--1800},
  year = {2011},
  doi = {10.1016/j.rse.2011.02.019}
}

@article{nobre2011,
  title = {Height Above the Nearest Drainage – a hydrologically relevant new terrain model},
  author = {Nobre, A. D. and Cuartas, L. A. and Hodnett, M. and Rennó, C. D. and Rodrigues, G. and Silveira, A. and Waterloo, M.},
  journal = {Journal of Hydrology},
  volume = {404},
  number = {1},
  pages = {13--29},
  year = {2011},
  doi = {10.1016/j.jhydrol.2011.03.051}
}

@article{potdar2021,
  title = {Toward Predicting Flood Event Peak Discharge in Ungauged Basins by Learning Universal Hydrological Behaviors with Machine Learning},
  author = {Potdar, A. S. and Kirstetter, P.-E. and Woods, D. and Saharia, M.},
  journal = {Journal of Hydrometeorology},
  volume = {22},
  number = {11},
  pages = {2971--2982},
  year = {2021},
  doi = {10.1175/JHM-D-20-0302.1}
}

@article{renno2008,
  author = {Rennó, C. D. and Nobre, A. D. and Cuartas, L. A. and Soares, J. V. and Hodnett, M. G. and Tomasella, J. and Waterloo, M. J.},
  year = {2008},
  title = {HAND, a new terrain descriptor using SRTM-DEM: Mapping terra-firme rainforest environments in Amazonia},
  journal = {Remote Sensing of Environment},
  volume = {112},
  number = {9},
  pages = {3469–3481},
  doi = {10.1016/j.rse.2008.03.018}
}

@article{rodell2004,
  author = {Rodell, M. and Houser, P. R. and Jambor, U. and Gottschalck, J. and Mitchell, K. and Meng, C.-J. and Arsenault, K.},
  year = {2004},
  title = {The Global Land Data Assimilation System},
  journal = {Bulletin of the American Meteorological Society},
  volume = {85},
  number = {3},
  pages = {381–394},
  doi = {10.1175/BAMS-85-3-381}
}

@article{savenije2010,
  author = {Savenije, H. H. G.},
  year = {2010},
  title = {HESS Opinions ‘Topography driven conceptual modelling (FLEX-Topo)’},
  journal = {Hydrology and Earth System Sciences},
  volume = {14},
  number = {12},
  pages = {2681–2692},
  doi = {10.5194/hess-14-2681-2010}
}

@book{shalev2014,
  author = {Shalev-Shwartz, S. and Ben-David, S.},
  year = {2014},
  title = {Understanding Machine Learning: From Theory to Algorithms},
  publisher = {Cambridge University Press},
  address = {New York, NY, USA}
}

@article{siqueira2018,
  author = {Siqueira, V. A. and Paiva, R. C. D. and Fleischmann, A. S. and Fan, F. M. and Ruhoff, A. L. and Pontes, P. R. M. and Paris, A.},
  year = {2018},
  title = {Toward continental hydrologic–hydrodynamic modeling in South America},
  journal = {Hydrology and Earth System Sciences},
  volume = {22},
  number = {9},
  pages = {4815–4842},
  doi = {https://doi.org/10.5194/hess-22-4815-2018}
}

@article{skofronick2017,
  author = {Skofronick-Jackson, G. and Petersen, W. A. and Berg, W. and Kidd, C. and Stocker, E. F. and Kirschbaum, D. B. and Kakar, R.},
  year = {2017},
  title = {The Global Precipitation Measurement (GPM) Mission for Science and Society},
  journal = {Bulletin of the American Meteorological Society},
  volume = {98},
  number = {8},
  pages = {1679–1695},
  doi = {10.1175/BAMS-D-15-00306.1}
}

@article{souza2020,
  author = {Souza, C. M. and Z. Shimbo, J. and Rosa, M. R. and Parente, L. L. and A. Alencar, A. and Rudorff, B. F. T. and Hasenack, H.},
  year = {2020},
  title = {Reconstructing Three Decades of Land Use and Land Cover Changes in Brazilian Biomes with Landsat Archive and Earth Engine},
  journal = {Remote Sensing},
  volume = {12},
  number = {17},
  pages = {2735},
  doi = {10.3390/rs12172735}
}

@article{tapley2004,
  author = {Tapley, B. D. and Bettadpur, S. and Ries, J. C. and Thompson, P. F. and Watkins, M. M.},
  year = {2004},
  title = {GRACE Measurements of Mass Variability in the Earth System},
  journal = {Science},
  volume = {305},
  number = {5683},
  pages = {503–505},
  doi = {10.1126/science.1099192}
}

@article{teixeira2022,
  author = {Teixeira, A. de A. and Silva, A. M. and Pruski, F. F. and Davis Jr, C. and Roig, H. L. and Diniz, N. C.},
  year = {2022},
  title = {Improvements on the Pfafstetter basin coding system proposal},
  journal = {RBRH},
  volume = {27},
  pages = {e6},
  doi = {10.1590/2318-0331.272220210120}
}

@article{worland2018,
  author = {Worland, S. C. and Farmer, W. H. and Kiang, J. E.},
  year = {2018},
  title = {Improving predictions of hydrological low-flow indices in ungaged basins using machine learning},
  journal = {Environmental Modelling \& Software},
  volume = {101},
  pages = {169–182},
  doi = {10.1016/j.envsoft.2017.12.021}
}

@article{yamazaki2019,
  author = {Yamazaki, D. and I, D. and S, J. and B, P. D. and A, G. H. and P, T. M.},
  year = {2019},
  title = {MERIT Hydro: A High-Resolution Global Hydrography Map Based on Latest Topography Dataset},
  journal = {Water Resources Research},
  volume = {55},
  number = {6},
  pages = {5053–5073},
  doi = {10.1029/2019WR024873}
}

@article{yamazaki2017,
  author = {Yamazaki, D. and I, D. and T, R. and Y, T. and O, F. and N, J. C. and S, C. C.},
  year = {2017},
  title = {A high-accuracy map of global terrain elevations},
  journal = {Geophysical Research Letters},
  volume = {44},
  number = {11},
  pages = {5844–5853},
  doi = {10.1002/2017GL072874}
}

